<?xml version="1.0" encoding="UTF-8"?><record xmlns="http://www.loc.gov/MARC21/slim" xmlns:cinclude="http://apache.org/cocoon/include/1.0" xmlns:zs="http://www.loc.gov/zing/srw/">
  <leader>00529nz  a2200157n  4500</leader>
  <controlfield tag="001">no 99011877 </controlfield>
  <controlfield tag="003">DLC</controlfield>
  <controlfield tag="005">19990220052941.9</controlfield>
  <controlfield tag="008">990219n| acannaab|          |a ana     c</controlfield>
  <datafield tag="010" ind1=" " ind2=" ">
    <subfield code="a">no 99011877 </subfield>
  </datafield>
  <datafield tag="035" ind1=" " ind2=" ">
    <subfield code="a">(OCoLC)oca04924727 </subfield>
  </datafield>
  <datafield tag="040" ind1=" " ind2=" ">
    <subfield code="a">NNC</subfield>
    <subfield code="c">NNC</subfield>
  </datafield>
  <datafield tag="110" ind1="2" ind2=" ">
    <subfield code="a">Kapelle St. Niklausen (Kerns, Switzerland)</subfield>
  </datafield>
  <datafield tag="410" ind1="2" ind2=" ">
    <subfield code="a">Kapelle Sankt Niklausen (Kerns, Switzerland)</subfield>
  </datafield>
  <datafield tag="410" ind1="2" ind2=" ">
    <subfield code="a">St. Niklausen (Church : Kerns, Switzerland)</subfield>
  </datafield>
  <datafield tag="670" ind1=" " ind2=" ">
    <subfield code="a">Die Kapelle St. Niklausen bei Kerns, 1996:</subfield>
    <subfield code="b">p. 4 (Kapelle St. Niklausen) p. 7 (St. Niklausen)</subfield>
  </datafield>
</record>